@inproceedings{Cuervo:2010,
 author = {Cuervo, Eduardo and Balasubramanian, Aruna and Cho, Dae-ki and Wolman, Alec and Saroiu, Stefan and Chandra, Ranveer and Bahl, Paramvir},
 title = {MAUI: making smartphones last longer with code offload},
 booktitle = {Proceedings of the 8th international conference on Mobile systems, applications, and services},
 series = {MobiSys '10},
 year = {2010},
 isbn = {978-1-60558-985-5},
 location = {San Francisco, California, USA},
 pages = {49--62},
 numpages = {14},
 url = {http://doi.acm.org/10.1145/1814433.1814441},
 doi = {http://doi.acm.org/10.1145/1814433.1814441},
 acmid = {1814441},
 publisher = {ACM},
 address = {New York, NY, USA},
 keywords = {code offload, energy management, partitioning, smartphones},
}